@Manual{R-bookdown,
  title = {bookdown: Authoring Books and Technical Documents with R Markdown},
  author = {Yihui Xie},
  year = {2019},
  note = {R package version 0.14},
  url = {https://CRAN.R-project.org/package=bookdown},
}
@Manual{R-caret,
  title = {caret: Classification and Regression Training},
  author = {Max Kuhn. Contributions from Jed Wing and Steve Weston and Andre Williams and Chris Keefer and Allan Engelhardt and Tony Cooper and Zachary Mayer and Brenton Kenkel and the R Core Team and Michael Benesty and Reynald Lescarbeau and Andrew Ziem and Luca Scrucca and Yuan Tang and Can Candan and Tyler Hunt.},
  year = {2019},
  note = {R package version 6.0-84},
  url = {https://CRAN.R-project.org/package=caret},
}
@Manual{R-caretEnsemble,
  title = {caretEnsemble: Ensembles of Caret Models},
  author = {Zachary A. Deane-Mayer and Jared E. Knowles},
  year = {2016},
  note = {R package version 2.0.0},
  url = {https://CRAN.R-project.org/package=caretEnsemble},
}
@Manual{R-corrplot,
  title = {corrplot: Visualization of a Correlation Matrix},
  author = {Taiyun Wei and Viliam Simko},
  year = {2017},
  note = {R package version 0.84},
  url = {https://CRAN.R-project.org/package=corrplot},
}
@Manual{R-data.table,
  title = {data.table: Extension of `data.frame`},
  author = {Matt Dowle and Arun Srinivasan},
  year = {2019},
  note = {R package version 1.12.6},
  url = {https://CRAN.R-project.org/package=data.table},
}
@Manual{R-dplyr,
  title = {dplyr: A Grammar of Data Manipulation},
  author = {Hadley Wickham and Romain François and Lionel Henry and Kirill Müller},
  year = {2019},
  note = {R package version 0.8.3},
  url = {https://CRAN.R-project.org/package=dplyr},
}
@Manual{R-e1071,
  title = {e1071: Misc Functions of the Department of Statistics, Probability
Theory Group (Formerly: E1071), TU Wien},
  author = {David Meyer and Evgenia Dimitriadou and Kurt Hornik and Andreas Weingessel and Friedrich Leisch},
  year = {2019},
  note = {R package version 1.7-2},
  url = {https://CRAN.R-project.org/package=e1071},
}
@Manual{R-gbm,
  title = {gbm: Generalized Boosted Regression Models},
  author = {Brandon Greenwell and Bradley Boehmke and Jay Cunningham and GBM Developers},
  year = {2019},
  note = {R package version 2.1.5},
  url = {https://CRAN.R-project.org/package=gbm},
}
@Manual{R-GGally,
  title = {GGally: Extension to 'ggplot2'},
  author = {Barret Schloerke and Jason Crowley and Di Cook and Francois Briatte and Moritz Marbach and Edwin Thoen and Amos Elberg and Joseph Larmarange},
  year = {2018},
  note = {R package version 1.4.0},
  url = {https://CRAN.R-project.org/package=GGally},
}
@Manual{R-ggplot2,
  title = {ggplot2: Create Elegant Data Visualisations Using the Grammar of Graphics},
  author = {Hadley Wickham and Winston Chang and Lionel Henry and Thomas Lin Pedersen and Kohske Takahashi and Claus Wilke and Kara Woo and Hiroaki Yutani},
  year = {2019},
  note = {R package version 3.2.1},
  url = {https://CRAN.R-project.org/package=ggplot2},
}
@Manual{R-glmnet,
  title = {glmnet: Lasso and Elastic-Net Regularized Generalized Linear Models},
  author = {Jerome Friedman and Trevor Hastie and Rob Tibshirani and Noah Simon and Balasubramanian Narasimhan and Junyang Qian},
  year = {2019},
  note = {R package version 2.0-18},
  url = {https://CRAN.R-project.org/package=glmnet},
}
@Manual{R-knitr,
  title = {knitr: A General-Purpose Package for Dynamic Report Generation in R},
  author = {Yihui Xie},
  year = {2019},
  note = {R package version 1.25},
  url = {https://CRAN.R-project.org/package=knitr},
}
@Manual{R-leaps,
  title = {leaps: Regression Subset Selection},
  author = {Thomas Lumley based on Fortran code by Alan Miller},
  year = {2017},
  note = {R package version 3.0},
  url = {https://CRAN.R-project.org/package=leaps},
}
@Manual{R-MASS,
  title = {MASS: Support Functions and Datasets for Venables and Ripley's MASS},
  author = {Brian Ripley},
  year = {2019},
  note = {R package version 7.3-51.4},
  url = {https://CRAN.R-project.org/package=MASS},
}
@Manual{R-partykit,
  title = {partykit: A Toolkit for Recursive Partytioning},
  author = {Torsten Hothorn and Achim Zeileis},
  year = {2019},
  note = {R package version 1.2-5},
  url = {https://CRAN.R-project.org/package=partykit},
}
@Manual{R-plotly,
  title = {plotly: Create Interactive Web Graphics via 'plotly.js'},
  author = {Carson Sievert and Chris Parmer and Toby Hocking and Scott Chamberlain and Karthik Ram and Marianne Corvellec and Pedro Despouy},
  year = {2019},
  note = {R package version 4.9.1},
  url = {https://CRAN.R-project.org/package=plotly},
}
@Manual{R-randomForest,
  title = {randomForest: Breiman and Cutler's Random Forests for Classification and
Regression},
  author = {Fortran original by Leo Breiman and Adele Cutler and R port by Andy Liaw and Matthew Wiener.},
  year = {2018},
  note = {R package version 4.6-14},
  url = {https://CRAN.R-project.org/package=randomForest},
}
@Manual{R-ranger,
  title = {ranger: A Fast Implementation of Random Forests},
  author = {Marvin N. Wright and Stefan Wager and Philipp Probst},
  year = {2019},
  note = {R package version 0.11.2},
  url = {https://CRAN.R-project.org/package=ranger},
}
@Manual{R-rmarkdown,
  title = {rmarkdown: Dynamic Documents for R},
  author = {JJ Allaire and Yihui Xie and Jonathan McPherson and Javier Luraschi and Kevin Ushey and Aron Atkins and Hadley Wickham and Joe Cheng and Winston Chang and Richard Iannone},
  year = {2019},
  note = {R package version 1.16},
  url = {https://CRAN.R-project.org/package=rmarkdown},
}
@Manual{R-rpart,
  title = {rpart: Recursive Partitioning and Regression Trees},
  author = {Terry Therneau and Beth Atkinson},
  year = {2019},
  note = {R package version 4.1-15},
  url = {https://CRAN.R-project.org/package=rpart},
}
@Manual{R-rpart.plot,
  title = {rpart.plot: Plot 'rpart' Models: An Enhanced Version of 'plot.rpart'},
  author = {Stephen Milborrow},
  year = {2019},
  note = {R package version 3.0.8},
  url = {https://CRAN.R-project.org/package=rpart.plot},
}
@Manual{R-tidyverse,
  title = {tidyverse: Easily Install and Load the 'Tidyverse'},
  author = {Hadley Wickham},
  year = {2017},
  note = {R package version 1.2.1},
  url = {https://CRAN.R-project.org/package=tidyverse},
}
